@misc{opt:YT:PatternRecognition,
 abstract = {Optical Fourier transformations were performed using small lithographic patterns of different characters. A DLP projector can be used as a Fourier filter to do simple pattern recognition.},
 author = {YouTube},
 year = {2/28/2023},
 title = {{Fourier Optics used for Optical Pattern Recognition}},
 url = {https://www.youtube.com/watch?v=Y9FZ4igNxNA},
 keywords = {dlp-projector;DMD-chip;Fast Fourier Fransform;FFT;Fourier lens;Fourier simpified;Fourier transform;Fourier Transformation;Fourier using optics;Optical Fourier;optical pattern recognition},
 urldate = {2/28/2023}
}

@article{opt:Lin.2018,
 abstract = {Deep learning has been transforming our ability to execute advanced inference tasks using computers. Here we introduce a physical mechanism to perform machine learning by demonstrating an all-optical diffractive deep neural network (D2NN) architecture that can implement various functions following the deep learning-based design of passive diffractive layers that work collectively. We created 3D-printed D2NNs that implement classification of images of handwritten digits and fashion products, as well as the function of an imaging lens at a terahertz spectrum. Our all-optical deep learning framework can perform, at the speed of light, various complex functions that computer-based neural networks can execute; will find applications in all-optical image analysis, feature detection, and object classification; and will also enable new camera designs and optical components that perform distinctive tasks using D2NNs.},
 author = {Lin, Xing and Rivenson, Yair and Yardimci, Nezih T. and Veli, Muhammed and Luo, Yi and Jarrahi, Mona and Ozcan, Aydogan},
 year = {2018},
 title = {{All-optical machine learning using diffractive deep neural networks}},
 url = {https://innovate.ee.ucla.edu/wp-content/uploads/2018/07/2018-optical-ml-neural-network.pdf},
 pages = {1004--1008},
 volume = {361},
 number = {6406},
 journal = {{Science (New York, N.Y.)}},
 doi = {10.1126/science.aat8084},
 file = {2018-optical-ml-neural-networkpdf:Attachments/2018-optical-ml-neural-networkpdf.pdf:application/pdf}
}

@book{opt:HSR:Physik2,
 abstract = {In homogenen Medien breiten sich Wellen geradlinig aus, d. h. die Kurven, deren Tangentenrichtungen mit den Richtungen der Normalen der Wellenfl{\"a}chen {\"u}bereinstimmen, sind Geraden. Falls das Medium nicht homogen ist, {\"a}ndert sich die Ausbreitungsrichtung der Wellen. Diese Richtungs{\"a}nderung wird als Brechung oder Refraktion bezeichnet. Brechung tritt auf, wenn eine Welle auf eine Grenzfl{\"a}che zwischen zwei Medien mit unterschiedlichen Wellengeschwindigkeiten auftritt oder wenn weine Welle in einem inhomogenen Medium l{\"a}uft, in dem die Wellengeschwindigkeit ortsabh{\"a}ngig ist.},
 author = {Ruh, Arthur and Bucher, Benno},
 year = {2014},
 title = {{Physik 2}},
 address = {R{\"u}ti, Meilen},
 institution = {{HSR Hochschule f{\"u}r Technik Rapperswil}},
 publisher = {HSR}
}
